%@article{database-use,
% author = {Date, C. J.},
% title = {Database usability},
% journal = {SIGMOD Rec.},
% volume = {13},
% issue = {4},
% month = {May},
% year = {1983},
% issn = {0163-5808},
% pages = {1--1},
% numpages = {1},
% url = {http://doi.acm.org/10.1145/971695.582194},
% doi = {http://doi.acm.org/10.1145/971695.582194},
% acmid = {582194},
% publisher = {ACM},
% address = {New York, NY, USA},
%}

@online{robotium,
  title = {Robotium test automation framework},
  url = {https://code.google.com/p/robotium/}
}

@online{monkeyrunner,
  title = {monkeyrunner},
  url = {https://developer.android.com/tools/help/monkeyrunner_concepts.html},
}

@article{ericsson1980verbal,
  title={Verbal reports as data.},
  author={Ericsson, K.A. and Simon, H.A.},
  journal={Psychological review},
  volume={87},
  number={3},
  pages={215},
  year={1980},
  publisher={American Psychological Association}
}

@online{gamification-trends,
  title = {Google search trends for ``Gamification''},
  url = {http://www.google.com/trends/explore\#q=gamification}
}

@online{android-library,
  title = {Android Library Projects},
  url = {https://developer.android.com/tools/projects/index.html\#LibraryProjects}
}


%@inproceedings{Jagadish2007,
%author = {Jagadish, HV and Chapman, A. and Elkiss, A. and Jayapandian, M. and Li, Y. and Nandi, A. and Yu, C.},
%booktitle = {Proceedings of the 2007 ACM SIGMOD international conference on Management of data},
%file = {:Users/cb/Downloads/usability.pdf:pdf},
%isbn = {9781595936868},
%keywords = {database,usability,user interface},
%pages = {13--24},
%publisher = {ACM},
%title = {{Making database systems usable}},
%url = {http://dl.acm.org/citation.cfm?id=1247483},
%year = {2007}
%}
